@book{thompson2013sampling,
  title={Sampling rare or elusive species: concepts, designs, and techniques for estimating population parameters},
  author={Thompson, William},
  year={2013},
  publisher={Island Press}
}

@inproceedings{lipton1990practical,
  title={Practical selectivity estimation through adaptive sampling},
  author={Lipton, Richard J and Naughton, Jeffrey F and Schneider, Donovan A},
  booktitle={Proceedings of the 1990 ACM SIGMOD international conference on Management of data},
  pages={1--11},
  year={1990}
}

@article{kabaghe2017adaptive,
  title={Adaptive geostatistical sampling enables efficient identification of malaria hotspots in repeated cross-sectional surveys in rural Malawi},
  author={Kabaghe, Alinune N and Chipeta, Michael G and McCann, Robert S and Phiri, Kamija S and Van Vugt, Mich{\`e}le and Takken, Willem and Diggle, Peter and Terlouw, Anja D},
  journal={PLoS One},
  volume={12},
  number={2},
  pages={e0172266},
  year={2017},
  publisher={Public Library of Science San Francisco, CA USA}
}

